@misc{original_course,
   author = "Ecole normale sup√©rieure",
   title = "Statistical Mechanics: Algorithms and Computations",
   url = "https://www.coursera.org/learn/statistical-mechanics"
}
@book{feynman,
  title={Statistical Mechanics: A Set Of Lectures},
  author={Feynman, R.P.},
  isbn={9780813346106},
  series={Advanced Books Classics},
  url={https://books.google.ru/books?id=Ou4ltPYiXPgC},
  year={1998},
  publisher={Avalon Publishing}
}

